<record><leader>00000cas a22000001a 4500</leader><controlfield tag="001">32645137</controlfield><controlfield tag="007">hd bfb018baaa</controlfield><controlfield tag="008">950613d19051919nyudr nea     0    0yidrc</controlfield><datafield ind1=" " ind2=" " tag="010"><subfield code="a">sn 94090967 </subfield></datafield><datafield ind1=" " ind2=" " tag="040"><subfield code="a">NN</subfield><subfield code="b">eng</subfield><subfield code="c">RQM</subfield><subfield code="d">OCLCQ</subfield><subfield code="d">OCLCF</subfield><subfield code="d">OCLCO</subfield><subfield code="d">OCLCQ</subfield></datafield><datafield ind1=" " ind2=" " tag="066"><subfield code="c">(2</subfield></datafield><datafield ind1=" " ind2=" " tag="012"><subfield code="i">9506</subfield></datafield><datafield ind1="0" ind2=" " tag="041"><subfield code="a">yid</subfield><subfield code="a">eng</subfield></datafield><datafield ind1=" " ind2=" " tag="042"><subfield code="a">pcc</subfield></datafield><datafield ind1=" " ind2=" " tag="043"><subfield code="a">n-us-ny</subfield></datafield><datafield ind1="0" ind2="3" tag="245"><subfield code="6">880-01</subfield><subfield code="a">Di V&#803;arhayt&#803; =</subfield><subfield code="b">The truth = Die Wahrheit.</subfield></datafield><datafield ind1="3" ind2="1" tag="246"><subfield code="a">Truth</subfield></datafield><datafield ind1="3" ind2="1" tag="246"><subfield code="a">Wahrheit</subfield></datafield><datafield ind1="1" ind2="3" tag="246"><subfield code="a">Warheit</subfield></datafield><datafield ind1="3" ind2="1" tag="246"><subfield code="a">Wahrheit and the daily herald</subfield></datafield><datafield ind1="3" ind2="1" tag="246"><subfield code="a">Truth and daily herald</subfield></datafield><datafield ind1="3" ind2="1" tag="246"><subfield code="a">Jewish daily Warheit</subfield></datafield><datafield ind1=" " ind2=" " tag="260"><subfield code="a">New York [N.Y.] :</subfield><subfield code="b">Warheit Pub. Co.,</subfield><subfield code="c">1905-1919.</subfield></datafield><datafield ind1=" " ind2=" " tag="300"><subfield code="a">volumes :</subfield><subfield code="b">illustrations</subfield></datafield><datafield ind1=" " ind2=" " tag="310"><subfield code="a">Daily</subfield></datafield><datafield ind1=" " ind2=" " tag="336"><subfield code="a">text</subfield><subfield code="b">txt</subfield><subfield code="2">rdacontent</subfield></datafield><datafield ind1=" " ind2=" " tag="337"><subfield code="a">microform</subfield><subfield code="b">h</subfield><subfield code="2">rdamedia</subfield></datafield><datafield ind1=" " ind2=" " tag="338"><subfield code="a">microfilm reel</subfield><subfield code="b">hd</subfield><subfield code="2">rdacarrier</subfield></datafield><datafield ind1="0" ind2=" " tag="362"><subfield code="a">Vol. 1, no. 1 (Nov. 11, 1905)-v. 14, no. 3,245 (Feb. 28, 1919).</subfield></datafield><datafield ind1=" " ind2=" " tag="500"><subfield code="a">English title varies.</subfield></datafield><datafield ind1=" " ind2=" " tag="500"><subfield code="a">Published regional editions for Philadelphia and Boston, &lt;1911-1916&gt;.</subfield></datafield><datafield ind1=" " ind2=" " tag="515"><subfield code="a">First issue also called No. 262, vol. 11.</subfield></datafield><datafield ind1=" " ind2=" " tag="546"><subfield code="a">In Yiddish and English.</subfield></datafield><datafield ind1=" " ind2=" " tag="580"><subfield code="a">Weekly ed.: Volksadvocat.</subfield></datafield><datafield ind1=" " ind2=" " tag="580"><subfield code="a">Merged with: Tog (New York, N.Y. : 1914) to form: Tog, di v&#803;arhayt&#803;.</subfield></datafield><datafield ind1=" " ind2=" " tag="533"><subfield code="a">Microfilm.</subfield><subfield code="m">Nov. 11,1905-Feb. 28,1919.</subfield><subfield code="b">New York :</subfield><subfield code="c">New York Public Library,</subfield><subfield code="d">[19--].</subfield><subfield code="e">37 microfilm reels ; 35 mm.</subfield></datafield><datafield ind1=" " ind2="0" tag="650"><subfield code="a">Jewish newspapers</subfield><subfield code="z">New York (State)</subfield></datafield><datafield ind1=" " ind2="4" tag="651"><subfield code="a">New York (N.Y.)</subfield><subfield code="v">Newspapers.</subfield></datafield><datafield ind1=" " ind2="7" tag="650"><subfield code="a">Jewish newspapers.</subfield><subfield code="2">fast</subfield><subfield code="0">(OCoLC)fst00982872</subfield></datafield><datafield ind1=" " ind2="7" tag="651"><subfield code="a">New York (State)</subfield><subfield code="2">fast</subfield><subfield code="0">(OCoLC)fst01210280</subfield></datafield><datafield ind1=" " ind2=" " tag="752"><subfield code="a">United States</subfield><subfield code="b">New York</subfield><subfield code="c">New York</subfield><subfield code="d">New York.</subfield></datafield><datafield ind1=" " ind2=" " tag="752"><subfield code="a">United States</subfield><subfield code="b">Pennsylvania</subfield><subfield code="c">Philadelphia</subfield><subfield code="d">Philadelphia.</subfield></datafield><datafield ind1=" " ind2=" " tag="752"><subfield code="a">United States</subfield><subfield code="b">Massachusetts</subfield><subfield code="c">Suffolk</subfield><subfield code="d">Boston.</subfield></datafield><datafield ind1="1" ind2=" " tag="775"><subfield code="t">Volksadvocat</subfield></datafield><datafield ind1="1" ind2=" " tag="776"><subfield code="c">Original</subfield><subfield code="w">(DLC)sn 94090580</subfield></datafield><datafield ind1="0" ind2="0" tag="780"><subfield code="t">Teglikher herold</subfield></datafield><datafield ind1="1" ind2="7" tag="785"><subfield code="t">Tog (New York, N.Y. : 1914)</subfield></datafield><datafield ind1="1" ind2="7" tag="785"><subfield code="t">Tog, di v&#803;arhayt&#803;</subfield></datafield><datafield ind1=" " ind2=" " tag="850"><subfield code="a">NN</subfield><subfield code="a">NN (master)</subfield></datafield><datafield ind1="0" ind2="3" tag="880"><subfield code="6">245-01/(2/r</subfield><subfield code="a">&#1497;&#1491; &#1493;&#1493;&#1488;&#1512;&#1492;&#1497;&#1497;&#1496; =</subfield><subfield code="b">The truth = Die Wahrheit.</subfield></datafield><datafield ind1="1" ind2=" " tag="029"><subfield code="a">AU@</subfield><subfield code="b">000011780604</subfield></datafield></record>